@misc{Rothermel-1972-MMP,
	Address = {Intermountain Forest and Range Experiment Station, Ogden, UT},
	Author = {Richard C. Rothermel},
	Howpublished = {{USDA Forest Service Research Paper INT-115}},
	Pages = {40},
	Title = {A Mathematical Model for Predicting Fire Spread in Wildland Fires},
	note = {\mbox{\url{https://www.fs.usda.gov/rm/pubs_int/int_rp115.pdf}}, accessed March 2018},
	Xmonth = {January},
	Year = {1972},
	}


@article{Jolly-2015-CVG,
author = {Jolly, William},
year = {2015},
month = {07},
pages = {7537},
title = {Climate-induced variations in global wildfire danger from 1979 to 2013},
volume = {6},
journal = {Nature Communications},
doi = {10.1038/ncomms8537}
}

@book{Pyne-1996-IWF,
title="Introduction to Wildland Fire",
author="Stephen Pyne and Patricia L. Andrews and Richard D. Laven",
year="1996",
publisher="Wiley",
address="New York",
call=" SD421 .P94 1996     auraria"
}

@misc{WHO-2024-WFS,
  Author       = {WHO},
  title        = {Wildfires},
  howpublished = {\url{https://www.who.int/health-topics/wildfires}},
  note         = {Accessed: July 3, 2024},
  year         = {2024},
  organization = {World Health Organization}
}

@misc{USGS-2024-WQA,
  author       = {{United States Geological Survey}},
  title        = {Water Quality After Wildfire},
  year         = {2024},
  howpublished = {\url{https://www.usgs.gov/mission-areas/water-resources/science/water-quality-after-wildfire#overview}},
  note         = {Accessed: July 3, 2024}
}

@misc{JEC-2023-CEW,
  author       = {{Joint Economic Committee Democrats}},
  year = {2023},
  month = {10},
  title        = {Climate-exacerbated wildfires cost the {U.S.} between {\$394}
to {\$893} billion each year in economic costs and damages},
  howpublished = {\url{https://wildfiretaskforce.org/joint-economic-committee-democrats-report-on-cost-of-climate-exacerbated-wildfires/}},
  note         = {Accessed: July 3, 2024}
}

@incollection{IPCC-2021-LCI,
  author       = {Gulev, {Intergovernmental Panel on Climate Change}},
  title        = {Land-Climate Interactions},
  booktitle    = {IPCC Sixth Assessment Report},
  publisher    = {IPCC},
  year         = {2021},
  month        = {02},
  day          = {05},
  chapter      = {2},
  pages        = {133-168},
  url          = {https://www.ipcc.ch/site/assets/uploads/sites/4/2021/02/05_Chapter-2-V5.pdf},
  note         = {Accessed: July 3, 2024},
}

@article{Richardson-2022-GIW,
  author = {Richardson, Doug and Black, Amanda S. and Irving, Damien and Matear, Richard J. and Monselesan, Didier P. and Risbey, James S. and Squire, Dougal T. and Tozer, Carly R.},
  title = {Global increase in wildfire potential from compound fire weather and drought},
  journal = {{NPJ} Climate and Atmospheric Science},
  volume = {5},
  number = {1},
  pages = {23},
  year = {2022},
  month = {3},
  day = {25},
  doi = {10.1038/s41612-022-00248-4},
  url = {https://doi.org/10.1038/s41612-022-00248-4},
  issn = {2397-3722},
}

@misc{CDFPC-2024-HWI,
  author       = {CDFPC},
  organization       = {Colorado Division of Fire Prevention and Control},
  year = {2024},
  title        = {Historical Wildfire Information},
  howpublished = {\url{https://dfpc.colorado.gov/sections/wildfire-information-center/historical-wildfire-information}},
  note         = {Accessed: July 3, 2024}
}

@misc{WFCA-2023-CFS,
  author = {WFCA},
  organization       = {Western Fire Chiefs Association},
  year = {2023},
  month = {6},
  day = {6},
  title        = {Colorado Fire Season: In-Depth Guide},
  howpublished = {\url{https://wfca.com/wildfire-articles/colorado-fire-season/}},
  note         = {Accessed: July 3, 2024}
}

@misc{NCEI-2024-DFM,
  author       = {NCEI},
  institution = {National Centers for Environmental Information - NOAA},
  year = {2024},
  month = {6},
  day = {10},
  title        = {Dead Fuel Moisture},
  howpublished = {\url{https://www.ncei.noaa.gov/access/monitoring/dyk/deadfuelmoisture}},
  note         = {Accessed: May 31, 2024}
}

@techreport{NWCG-2024-FWP,
  author       = {NWCG},
  title        = {Fire Weather, {PMS} 425-1},
  institution  = {National Wildfire Coordinating Group},
  year         = {2021},
  month        = {6},
  number       = {PMS 425-1},
  location     = {Boise, ID, USA},
  note         = {Chapter 11 - Weather and Fuel Moisture},
  howpublished = {\url{https://www.nwcg.gov/publications/pms425-1/fire-weather-pms-425-1}},
  urldate      = {2024-07-03}
}

@misc{NIFC-2024-RAW,
  author       = {NIFC},
  year = {2024},
  institution = {National Interagency Fire Center},
  title        = {Remote Automatic Weather Stations ({RAWS})},
  howpublished = {\url{https://www.nifc.gov/about-us/what-is-nifc/remote-automatic-weather-stations}},
  note         = {Accessed: July 3, 2024}
}

@misc{NIFC-2024-FAF,
  author       = {NIFC},
  year = {2024},
  institution = {National Interagency Fire Center},
  title        = {Fire and Fuels},
  howpublished = {\url{https://gacc.nifc.gov/rmcc/predictive/Fire%20Behavior%20Fuel%20Model%20Descriptions.pdf}},
  note         = {Accessed: July 3, 2024}
}

@misc{NFSC-2024-MFB,
  author       = {NFSC},
  institution = {Northwest Fire Science Consortium},
  year = {2024},
  title        = {Measures of Fire Behavior},
  howpublished = {\url{https://nwfirescience.org/sites/default/files/publications/FIREFACTS_Measures%20of%20fire%20behavior%20FINAL.pdf}},
  note         = {Accessed: July 3, 2024}
}

@misc{OpenWFM-2024-HTD,
  author       = {OpenWFM},
  year = {2024},
  institution = {Open Wildland Fire Modeling eCommunity},
  title        = {How to diagnose fuel properties in {WRF-SFIRE}},
  howpublished = {\url{https://wiki.openwfm.org/wiki/How_to_diagnose_fuel_properties_in_WRF-SFIRE}},
  note         = {Accessed: July 3, 2024}
}

@misc{OpenWFM-2024-WRF,
  author       = {OpenWFM},
  institution = {Open Wildland Fire Modeling eCommunity},
  title        = {WRF-SFIRE
},
  howpublished = {\url{https://wiki.openwfm.org/wiki/WRF-SFIRE}},
  note         = {Accessed: July 3, 2024}
}

@misc{NWS-2024-GFW,
  author       = {NWS},
  organization = {NOAA},
  title        = {Glossary of Fire Weather Terms},
  howpublished = {\url{https://www.weather.gov/phi/fire_glossary}},
  note         = {Accessed: July 3, 2024}
}


@misc{NIFC-2024-GAC,
  author       = {NIFC},
  year = {2024},
  institution = {NIFC},
  title        = {{Geographic Area Coordination Centers} - About Us},
  howpublished = {\url{https://gacc.nifc.gov/admin/about_us/about_us.htm}},
  note         = {Accessed: July 3, 2024}
}

@article{Williams-2013-EOH,
title = {Exploring the onset of high-impact mega-fires through a forest land management prism},
journal = {Forest Ecology and Management},
volume = {294},
pages = {4-10},
year = {2013},
note = {The Mega-fire reality},
issn = {0378-1127},
doi = {https://doi.org/10.1016/j.foreco.2012.06.030},
url = {https://www.sciencedirect.com/science/article/pii/S0378112712003593},
author = {Jerry Williams},
keywords = {Mega-fires, Wildland fire protection, Drought effects}
}

@article{Cartier-2022-UFQ,
    author={Cartier,Kimberly},
    year={2022},
    title={U.S. Fires Quadrupled in Size, Tripled in Frequency in 20 Years},
    journal={Eos (Washington, D.C.)},
    volume={103},
    abstract={Changes including intensifying drought, expansion into burnable land, and an increase in human-caused ignitions have led to a shift in fire patterns.},
    isbn={2324-9250},
    language={English},
    howpublished = {\url{https://eos.org/articles/u-s-fires-quadrupled-in-size-tripled-in-frequency-in-20-years}}
}

@misc{NWS-2023-DAC,
  author       = {NWS},
  organization = {NOAA},
  year = {2023},
  title        = {2023 {Denver} {Annual}
{Climate} {Summary}},
  howpublished = {\url{https://www.weather.gov/media/bou/2023DenverClimateSummary.pdf}},
  note         = {Accessed: July 3, 2024}
}
