@misc{Fosberg-1971-DHT,
author="Fosberg, M. A. and Deeming, J. E.",
year="1971",
title="Derivation of the 1- and 10-hour timelag fuel moisture calculations for fire-danger rating",
howpublished="U.S. Forest Service Research Note RM-207",
note="\url{http://hdl.handle.net/2027/umn.31951d02995763p}"
}

@misc{Burgan-1979-ELF,
author="Burgan, R. E. ",
year="1979",
title="Estimating live fuel moisture for the 1978 {National Fire Danger Rating System}",
howpublished="U.S. Forest Service Research Paper INT-226",
pages="16",
note="\url{http://www.firemodels.org/downloads/behaveplus/publications/Burgan_INT-226_1979.pdf}"
}

@misc{Burgan-1984-BFB,
    AUTHOR = {Robert E. Burgan and Richard C. Rothermel},
    TITLE = {{BEHAVE}: Fire Behavior Prediction and Fuel Modeling System {--} Fuel Subsystem},
    MONTH = {May},
    YEAR = {1984},
    pages="126",
    howpublished="USDA Forest Service General Technical Report INT-167",
   note="\url{http://www.fs.fed.us/rm/pubs_int/int_gtr167.html}"   
}

@misc{Burgan-1988-RNF,
author="Burgan, Robert E.",
year="1988",
title="1988 revisions to the 1978 {National Fire-Danger Rating System}",
howpublished="U.S. Forest Service  Research Paper  SE-273",
address="Asheville, NC",
publisher="U.S. Department of Agriculture, Forest Service, Southeastern Forest Experiment Station",
pages="39",
note="\url{http://www.treesearch.fs.fed.us/pubs/593}, retrieved August 2011"
}

@incollection{Burgan-1997-LVM,
author="Burgan, Robert E. and Hartford, Roberta A.",
title="Live Vegetation Moisture Calculated from {NDVI} and Used in Fire Danger Rating",
booktitle="13th Fire and Forest Meteorology Conference, Lorne, Australia 1996",
publisher="IAWF",
year="1997",
pages="225--231"
}

@article{Burgan-1998-FMF,
author="Burgan, Robert E. and Klaver, Robert W. and Klaver, Jacqueline M.",
year="1998",
title="Fuel models and fire potential from satellite and surface observations",
journal="International Journal of Wildland Fire",
volume="8",
number="3",
pages="159--170"
}

@article{Catchpole-1999-EFR,
author = {Catchpole, E and Anderson, Wendy and Viney, N. and Mccaw, Lachie},
year = {1999},
month = {12},
pages = {},
title = {Estimating Fuel Response Time and Predicting Fuel Moisture Content From {ELD} Data},
volume = {10},
journal = {International Journal of Wildland Fire},
doi = {10.1071/WF01011}
}

@article{Chuvieco-2004-CNS,
title = "Combining {NDVI} and surface temperature for the estimation of live fuel moisture content in forest fire danger rating ",
journal = "Remote Sensing of Environment ",
volume = "92",
number = "3",
pages = "322 - 331",
year = "2004",
issn = "0034-4257",
doi = "10.1016/j.rse.2004.01.019",
author = "Emilio Chuvieco and David Cocero and David Ria{\~n}o and Pilar Martin and Javier Mart{\'i}nez-Vega and Juan de la Riva and Fernando P{\'e}rez",
keywords = "Multitemporal analysis",
keywords = "Fuel moisture content",
keywords = "Surface temperature",
keywords = "Forest fires",
keywords = "AVHRR "
}

@article{Hao-2007-RRL,
author = {Xianjun Hao and John J. Qu},
title = "Retrieval of real-time live fuel moisture content using {MODIS} measurements ",
journal = "Remote Sensing of Environment ",
volume = "108",
number = "2",
pages = "130--137",
year = "2007",
special-issue = "The Application of Remote Sensing to Fire Research in the Eastern United States",
issn = "0034-4257",
doi = "10.1016/j.rse.2006.09.033",
author = "Xianjun Hao and John J. Qu",
keywords = "Live fuel moisture content",
keywords = "Remote sensing",
keywords = "Wildland fire",
keywords = "Leaf model "
}

@article{Jolly-2007-SSF,
	author = {W. Matt Jolly}, 
	journal = {International Journal of Wildland Fire},
	title = {Sensitivity of a surface fire spread model and associated fire behaviour fuel models to changes in live fuel moisture},
	number = {4},
	pages = {503--509},
	volume = {16},
	year = {2007},
	doi="10.1071/WF06077"
}

@article{Finney-2013-NTW,
author="Finney, Mark A. and Cohen, Jack D. and McAllister, Sara S. and Jolly, W. Matt",
year="2013",
title="On the need for a theory of wildland fire spread",
journal="International Journal of Wildland Fire",
volume="22",
pages="25--36",
doi="10.1071/WF11117"
}

@article{vanderKamp-2017-MFS,
  title={A model for simulating the moisture content of standardized fuel sticks of various sizes},
  author={Van der Kamp, D. W. and Moore, R. D. and McKendry, I. G.},
  journal={Agricultural and Forest Meteorology},
  volume={236},
  pages={123--134},
  year={2017},
  doi="10.1016/j.agrformet.2017.01.013",
  publisher={Elsevier}
}

@Article{Mandel-2014-RAA,
AUTHOR = {Mandel, J. and Amram, S. and Beezley, J. D. and Kelman, G. and Kochanski, A. K. and Kondratenko, V. Y. and Lynn, B. H. and Regev, B. and Vejmelka, M.},
TITLE = {Recent advances and applications of {WRF-SFIRE}},
JOURNAL = {Natural Hazards and Earth System Science},
VOLUME = {14},
YEAR = {2014},
NUMBER = {10},
PAGES = {2829--2845},
xURL = {http://www.nat-hazards-earth-syst-sci.net/14/2829/2014/},
DOI = {10.5194/nhess-14-2829-2014}
}

@article{Matthews-2010-SMP,
author="Matthews, S. and Gould J. and McCaw, L.",
year="2010",
title="Simple models for predicting dead fuel moisture in eucalyptus forests",
journal="International Journal of Wildland Fire",
volume="19",
pages="459--467",
doi="10.1071/WF09005"
}

@article{Matthews-2006-PBM,
  title={A process-based model of fine fuel moisture},
  author={Matthews, Stuart},
  journal={International Journal of Wildland Fire},
  volume={15},
  number={2},
  pages={155--168},
  year={2006},
  publisher={CSIRO Publishing},
  doi="10.1071/WF05063"
}

@article{Matthews-2014-DFM,
author="Matthews, Stuart",
year="2014",
journal="International Journal of Wildland Fire",
title="Dead fuel moisture research: 1991--2012",
volume="23",
pages="78--92",
doi="10.1071/WF13005"
}

@article{Rossa-2017-EFM,
author = {Rossa, Carlos},
year = {2017},
month = {01},
pages = {},
title = {The effect of fuel moisture content on the spread rate of forest fires in the absence of wind or slope},
volume = {26},
journal = {International Journal of Wildland Fire},
doi = {10.1071/WF16049}
}

@article{Rossa-2017-ELF,
author = {Rossa, Carlos and Fernandes, Paulo},
year = {2017},
month = {12},
pages = {eSC08},
title = {On the effect of live fuel moisture content on fire rate of spread},
volume = {26},
journal = {Forest Systems},
doi = {10.5424/fs/2017263-12019}
}

@incollection{Schunk-2014-ESA,
title="Evaluation of a system for automatic dead fine fuel moisture measurements",
author="Schunk, Christian and Leuchner, Michael and Menzel, Annette",
handle="http://hdl.handle.net/10316.2/34322",
doi="10.14195/978-989-26-0884-6_121",
booktitle="Advances in Forest Fire Research", 
editor="Viegas, Domingos Xavier",
publisher="Coimbra University Press", 
year="2014",
pages="1115--1123",
}

@incollection{Vejmelka-2014-DAF,
author="M. Vejmelka and A. K. Kochanski and J. Mandel",
title="Data assimilation of fuel moisture in {WRF-SFIRE}",
howpublished="In \cite{Wade-2014-P4F}",
editor="Wade, D. D. and Fox, R. L.",
note="Compiled by M. L. Robinson. 
Available at \url{http://www.iawfonline.org/4th_Fuels_Conference_Proceedings_USA-Russia.pdf}, accessed July 2014",
year="2014",
publisher="International Association of Wildland Fire",
address="Missoula, MT",
booktitle="Proceedings of 4th Fire Behavior and 
Fuels Conference, 18-22 {F}ebruary 2013, {R}aleigh, {NC} and 1-4 {J}uly 2013, {S}t. {P}etersburg, {R}ussia",
pages="122--137"
}


@article{Vejmelka-2016-DAD,
title="Data assimilation of dead fuel moisture observations from remote automatic weather stations",
author="Martin Vejmelka and Adam K. Kochanski and Jan Mandel",
journal="International Journal of Wildland Fire",
preprint="arXiv:1406.4480",
volume="25",
issue="5",
pages="558--568",
doi="10.1071/WF14085",
year="2016"
}

@misc{Ziel-2017-FMS,
	author="Ziel, Robert",
	year="2017",
	title="{Fuel moisture, seasonal severity and fire growth analysis in the US fire behavior analysis tools: using Fire Weather Index 		(FWI) codes and indices as guides in Alaska}",
	pages="13",
	howpublished="\url{https://www.frames.gov/catalog/56054}, accessed March 25, 2019"
	}

@article{Nelson-2000-PDC,
author = {Nelson Jr., Ralph M. },
key="Nelson",
title = {Prediction of diurnal change in 10-h fuel stick moisture content},
journal = {Canadian Journal of Forest Research},
volume = {30},
number = {7},
pages = {1071--1087},
year = {2000},
doi = {10.1139/x00-032},
}

@incollection{Mandel-2023-BFM,
author="J. Mandel and J. Hirschi and  A. K. Kochanski and A. Farguell 
and J. Haley and D. V. Mallia and B. Shaddy and A. A. Oberai and K. A. Hilburn",
title="Building a Fuel Moisture Model for
the Coupled Fire-Atmosphere Model {WRF-SFIRE} from Data:
{F}rom {K}alman Filters to Recurrent Neural Networks",
booktitle="SNA'23 Seminar on Numerical Analysis",
subtitle="Ostrava, Czech Republic, January 23--27, 2023",
year="2023",
note="\url{https://www.ugn.cas.cz/event/2023/sna},
also available as arXiv:2301.05427",
pages="52--55",
isbn="978-80-86407-85-2",
publisher="Institute of Geonics of the Czech Academy of Sciences",
doi="10.48550/arXiv.2301.05427"
}

@incollection{Nelson-2001-WRF,
author="Nelson~Jr., Ralph M.",
year="2001",
key="Nelson",
title="Water Relations of Forest Fuels",
booktitle="Forest fires, behavior and ecological effects",
editor="E. A. Johnson and K. Miyanishi",
pages="151--169",
publisher="Academic Press",
address="San Diego, CA",
call="SD421 .F674 2001",
isbn="978-0123866608"
}

@misc{Campbell-2017-RMM,
  author       = {{Campbell Scientific}},
  title        = {Remote Measurements - Monitors forest-fire factor\; ideal for use with {RAWS}},
  year = {2017},
  month = {10},
  howpublished = {\url{https://www.campbellsci.com/cs506-l}},
  note         = {Accessed: July 3, 2024}
}

@article{Mitchell-2018-CEM,
  author    = {Mitchell, P.},
  title     = {Calculating the equilibrium moisture content for wood based on humidity measurements},
  journal   = {BioResources},
  year      = {2018},
  volume    = {13},
  number    = {1},
  pages     = {171--175},
}


@misc{Blaylock-2023-SPA,
  author       = {Blaylock},
  title        = {SynopticPy: Synoptic {API} for {Python}},
  year         = {2023},
  version      = {2023.3.0},
  howpublished = {\url{https://github.com/blaylockbk/SynopticPy}},
  note         = {Computer software}
}

@misc{Synoptic-2024-SWA,
  author = {Synoptic},
  title        = {Synoptic Weather {API}},
  year = {2024},
  institution = {Synoptic},
  howpublished = {\url{https://synopticdata.com/weatherapi}},
  note = {Computer software}
}


@manual{Campbell-2012-RRA,
  author       = {{Campbell Scientific}},
  title        = {{RAWS-P Remote Automated Weather Station}},
  year         = {2006--2012},
  organization = {Campbell Scientific, Inc.},
  address      = {Logan, Utah},
  url          = {https://s.campbellsci.com/documents/eu/manuals/raws-p.pdf},
  urldate      = {2024-07-04},
}